@book{judson2019abstract,
  title={Abstract Algebra: Theory and Applications},
  author={Judson, David S.},
  year={2019},
  edition={3rd edition},
  publisher={Orthogonal Publishing L3C}
}